=LDR  01872cam a22004333  4500
=001  018802070
=003  Uk
=005  20230118161229.0
=007  cr\mn\024mpada
=008  880127s1700\\\\|||\\\\\\\\\\\|||\||ger\\
=FMT  \\$a  BK
=019  x\$a0450980243
=040  \\$aUk$cUk$dUk
=100  1\$aBrüsske, Conrad,$d1660-
=245  10$aAugen-Salbe vor den Hn. Democritum [i.e. J. C. Dippel] und alle, die seinen falschen Bezeugungen glauben /$caus Liebe zu ihrer aller Genesung zubereitet von Konrad Brüßken Hof-Predigern zu Offenbach.
=264  \1$a[Offenbach?],$c1700.
=300  \\$a32 pages ;$c(8º)
=336  \\$atext$2rdacontent
=337  \\$acomputer$2rdamedia
=338  \\$aonline$2rdacarrier
=340  \\$m8vo$2rdabf
=883  0\$aLanguage codes assigned by Bayesian analysis of words present in record$d20200826$qUk$c0.9919
=852  4\$aBritish Library$bHMNTS$cDRT$jDigital Store 4371.a.23.(6.)
=985  \\$aCorrected by BSS-generated file for WR# 11/211
=985  \\$aCorrected by MS generated file for WR# 1805-0738
=985  \\$aUpgraded by BSS-generated file for WR2009-0365
=CAT  \\$aBATCH-DCW$b00$c20180318$lBLL01$h0203
=CAT  \\$a1805-0738$c20190111$lBLL01$h1812
=CAT  \\$a1805-0738$b00$c20190111$lBLL01$h1832
=CAT  \\$aW2009-0365$b00$c20200928$lBLL01$h1544
=CAT  \\$a8874$b40$c20220916$lBLL01$h0718
=CAT  \\$a9477$b40$c20230118$lBLL01$h1612
=FIN  \\$aY$d20180318
=LKR  \\$aPAR$b000502312$lBLL01$r776$mAugen-Salbe vor den Hn. Democritum [i.e. J. C. Dippel] und alle, die seinen falschen Bezeugungen glauben /$nAugen-Salbe vor den Hn. Democritum [i.e. J. C. Dippel] und alle, die seinen falschen Bezeugungen glauben /
=DGM  \\$a000502312$bCatBridge variable field
=DRT  \\$aGOOGLEBOOKS
=SRC  \\$aGOOGLEBOOKS$bGoogleBooks_20180317
=OHC  \\$a1
=LAS  \\$a9477$b40$c20230118$lBLL01$h1612

