=LDR  02709cam a22005773  4500
=001  018802734
=003  Uk
=005  20230426144018.0
=007  cr\mn\024mpada
=008  790922s1797\\\\enk\\\\\\\\\\\000|0|eng\c
=FMT  \\$a  BK
=019  x\$a1150900210
=035  \\$a(Uk-ES)006329950
=040  \\$aUk-ES$beng$cUk-ES$dCStRLIN$dCU-RivES$dUk$erda$edcrmb
=100  1\$aFranklin, Benjamin,$d1706-1790,$eauthor.
=245  14$aThe way to wealth.$bBeing a preliminary address prefixed to the Pennsylvania almanack for 1758, on oeconomy and frugality.$cBy Dr. Franklin. To which is added, select thoughts.
=246  3\$aWay to wealth.$bBeing a preliminary address prefixed to the Pennsylvania almanack for 1758, on oeconomy and frugality
=246  3\$aWay to wealth.$bBeing a preliminary address prefixed to the Pennsylvania almanack for 1758, on economy and frugality
=264  \1$aLondon :$bPrinted by J. Davenport, and sold by C. Sheppard, at his Book and Print Warehouse, No. 74, Little Britain,$c1797.
=300  \\$a24 pages ;$c14 cm (12⁰)
=336  \\$atext$2rdacontent
=337  \\$aunmediated$2rdamedia
=338  \\$avolume$2rdacarrier
=500  \\$aBelow imprint in square brackets: "Price-one penny".
=500  \\$aVertical chain lines.
=500  \\$aSignatures: A¹². Leaf A5 is the only leaf signed.
=510  4\$aESTC,$cT58636
=650  \0$aSuccess$vEarly works to 1800.
=650  \0$aWealth$vEarly works to 1800.
=655  \7$aMaxims.$2rbgenr
=655  \7$aChapbooks.$2rbgenr
=700  1\$aDavenport, Joshua,$eprinter.
=700  1\$aSheppard, Charles,$dactive 1775-1799,$ebookseller.
=700  1\$aLaw, William,$d1836-1901,$eformer owner.$5Uk
=700  1\$aHaslewood, Joseph,$d1769-1833,$eformer owner.$5Uk
=752  \\$aGreat Britain$bEngland$dLondon.
=852  4\$cDRT$jDigital Store 8228.aa.27.$aBritish Library$bHMNTS
=985  \\$a700=new. William Law (1836-1901). Source: https://www.oxfordreference.com/view/10.1093/oi/authority.20110810105244378
=CAT  \\$aBATCH-DCW$b00$c20180319$lBLL01$h0203
=CAT  \\$a1805-0738$c20190111$lBLL01$h1812
=CAT  \\$a1805-0738$b00$c20190111$lBLL01$h1832
=CAT  \\$aW2009-0365$b00$c20200928$lBLL01$h1544
=CAT  \\$a8250$b40$c20230426$lBLL01$h1304
=CAT  \\$a12121$b40$c20230426$lBLL01$h1440
=FIN  \\$aY$d20180319
=LKR  \\$aPAR$lBLL01$r776$b001311729$m[The way to wealth; or, The book of remarks, called truth and wisdom, etc.]$n[The way to wealth; or, The book of remarks, called truth and wisdom, etc.]
=DGM  \\$a001311729$bCatBridge variable field
=DRT  \\$aGOOGLEBOOKS
=SRC  \\$aGOOGLEBOOKS$bGoogleBooks_20180318
=OHC  \\$a1
=LAS  \\$a12121$b40$c20230426$lBLL01$h1440

