=LDR  01923cam a22004573  4500
=001  017942480
=003  Uk
=005  20230213134457.0
=007  cr\mn\024mpada
=008  880906s1767\\\\gw\\\\\||\\\\\|||\||lat\\
=FMT  \\$a  BK
=019  x\$a1254160345
=040  \\$aUk$cUk$dUk
=100  1\$aGISEKE, Paul Dietrich.
=245  10$aDissertatio inauguralis ... sistens Systemata plantarum recentiora instar Speciminis commentarii ad J. H. Furstenau Desiderata Materiæ Medicæ.
=264  \1$aGottingæ,$c[1767]
=300  \\$c(4º)
=336  \\$atext$2rdacontent
=337  \\$aunmediated$2rdamedia
=338  \\$avolume$2rdacarrier
=340  \\$m4to$2rdabf
=510  4\$aSoulsby no. 650
=700  1\$aFUERSTENAU, Johann Hermann.
=886  2\$2blmarc$a709$b00$aFUERSTENAU$hJohann Hermann$pB.7.(6.)$x1173200037
=852  4\$cDRT$jDigital Store T.43.(1.)$aBritish Library$bHMNTS
=985  \\$aCorrected by MS generated file for WR# 1805-0738
=CAT  \\$aBATCH-DCW$b00$c20160723$lBLL01$h0201
=CAT  \\$aBATCH-UPD$b00$c20160723$lBLL01$h0203
=CAT  \\$aWR14_057$b00$c20170504$lBLL01$h1844
=CAT  \\$aR1710-0956$b00$c20171102$lBLL01$h1902
=CAT  \\$a1805-0738$c20190104$lBLL01$h1832
=CAT  \\$a1805-0738$b00$c20190104$lBLL01$h1911
=CAT  \\$aW2011-1472$b00$c20201127$lBLL01$h1848
=CAT  \\$a8250$b40$c20230213$lBLL01$h1344
=CAT  \\$a8250$b40$c20230213$lBLL01$h1344
=LKR  \\$aPAR$lBLL01$r776$b001432171$mDissertatio inauguralis ... sistens Systemata plantarum recentiora instar Speciminis commentarii ad J. H. Furstenau Desiderata Materiæ Medicæ.$nDissertatio inauguralis ... sistens Systemata plantarum recentiora instar Speciminis commentarii ad J. H. Furstenau Desiderata Materiæ Medicæ.
=DGM  \\$a001432171$bCatBridge variable field
=DRT  \\$aGOOGLEBOOKS
=SRC  \\$aGOOGLEBOOKS$bGoogleBooks_20160722
=OHC  \\$a1
=LAS  \\$a8250$b40$c20230213$lBLL01$h1344

