=LDR  02086nam a22004093  4500
=001  020935854
=003  Uk
=005  20230127142105.0
=007  cr\mn\024mpada
=008  970121s1759\\\\enk\\\\|s\\\\\|||\||eng\\
=FMT  \\$a  BK
=019  x\$a1922890006
=040  \\$aUk$cUk
=100  1\$aLily, William,$d1468?-1522.
=240  10$a[De generibus nominum, ac verborum præteritis et supinis, regulæ.]
=245  10$aLily's Rules construed [by William Haine]: whereunto are added Tho. Robinson's [or rather, Robertson's] Heteroclites, the Latin Syntaxis, etc.
=264  \1$aLondon :$bS. Buckley & T. Longman,$c1759.
=300  \\$a92 pages ;$c(12º)
=336  \\$atext$2rdacontent
=337  \\$acomputer$2rdamedia
=338  \\$aonline$2rdacarrier
=340  \\$m12mo$2rdabf
=650  \7$aLatin language.$2fast$0(OCoLC)fst00993125
=700  1\$aHaine, William.
=775  0\$t[Lily's Rules construed [by William Haine]: whereunto are added Tho. Robinson's [or rather, Robertson's] Heteroclites, the Latin Syntaxis, etc.]$w(Uk)MP1.0002302085.1$dDublin, 1764. 12º.
=775  0\$t[Lily's Rules construed [by William Haine]: whereunto are added Tho. Robinson's [or rather, Robertson's] Heteroclites, the Latin Syntaxis, etc.]$w(Uk)MP1.0002302085.2$dLondon, 1782. 12º.
=886  2\$2blmarc$a709$b00$aHAINE$hWilliam$p12933.aa.6.(2.)$p12935.de.4.(2.)$p1568/3355.$x1372430172
=852  \\$aBritish Library$bHMNTS$cDRT$jDigital Store 1568/3367.(2.)
=CAT  \\$a9477$b40$c20230127$lBLL01$h1421
=FIN  \\$aY$d20230127
=LKR  \\$aPAR$b002169939$lBLL01$r776$mLily's Rules construed [by William Haine]: whereunto are added Tho. Robinson's [or rather, Robertson's] Heteroclites, the Latin Syntaxis, etc.$nLily's Rules construed [by William Haine]: whereunto are added Tho. Robinson's [or rather, Robertson's] Heteroclites, the Latin Syntaxis, etc.
=DGM  \\$a002169939$bCatBridge variable field
=DRT  \\$aGOOGLEBOOKS
=SRC  \\$aGOOGLEBOOKS$bGoogleBooks_20191213
=SRC  \\$aGOOGLEBOOKS$bGoogleBooks_20191214
=OHC  \\$a1
=LAS  \\$a9477$b40$c20230127$lBLL01$h1421

